<?xml version="1.0" encoding="UTF-8"?><collection xmlns="http://www.loc.gov/MARC21/slim"><record><leader>00386nam--2200121-i-4500</leader><controlfield tag="001">000034908</controlfield><controlfield tag="002">20161230</controlfield><controlfield tag="005">20161230201040</controlfield><controlfield tag="008">060222s1000------------r-----000-0-eng-d</controlfield><datafield ind1=" " ind2=" " tag="245"><subfield code="a">North holland series in systems and software development. vol.1: managing software reliability. the paradigmatic approach</subfield></datafield><datafield ind1=" " ind2=" " tag="260"><subfield code="a">New York, North Holland, 1981</subfield></datafield><datafield ind1=" " ind2=" " tag="700"><subfield code="a">Salisbury, A.B</subfield></datafield><datafield ind1=" " ind2=" " tag="852"><subfield code="a">49228</subfield></datafield></record></collection>